<?xml version="1.0" encoding="UTF-8"?><record xmlns="http://www.loc.gov/MARC21/slim" xmlns:cinclude="http://apache.org/cocoon/include/1.0" xmlns:zs="http://www.loc.gov/zing/srw/">
  <leader>00544nz  a2200145n  4500</leader>
  <controlfield tag="001">no2004045382</controlfield>
  <controlfield tag="003">DLC</controlfield>
  <controlfield tag="005">20040513071046.0</controlfield>
  <controlfield tag="008">040512n| acannaabn          |n aaa     c</controlfield>
  <datafield tag="010" ind1=" " ind2=" ">
    <subfield code="a">no2004045382</subfield>
  </datafield>
  <datafield tag="035" ind1=" " ind2=" ">
    <subfield code="a">(OCoLC)oca06345031</subfield>
  </datafield>
  <datafield tag="040" ind1=" " ind2=" ">
    <subfield code="a">DSI</subfield>
    <subfield code="b">eng</subfield>
    <subfield code="c">DSI</subfield>
  </datafield>
  <datafield tag="100" ind1="1" ind2=" ">
    <subfield code="a">Barnett, Emily,</subfield>
    <subfield code="d">1947-</subfield>
  </datafield>
  <datafield tag="670" ind1=" " ind2=" ">
    <subfield code="a">Smithsonian Amer. Art Mus./Nat. Portrait Gallery Library vertical file</subfield>
    <subfield code="b">(from 1983 exhibition announcement: Emily Barnett)</subfield>
  </datafield>
  <datafield tag="670" ind1=" " ind2=" ">
    <subfield code="a">Who's who in Amer. art, 2003/2004</subfield>
    <subfield code="b">(Barnett, Emily; painter, printmaker; b. Oct. 23, 1947, Brooklyn, N.Y.)</subfield>
  </datafield>
</record>